%YAML 1.1
%TAG !u! tag:unity3d.com,2011:
--- !u!1 &1312854103388141864
GameObject:
  m_ObjectHideFlags: 0
  m_CorrespondingSourceObject: {fileID: 0}
  m_PrefabInstance: {fileID: 0}
  m_PrefabAsset: {fileID: 0}
  serializedVersion: 6
  m_Component:
  - component: {fileID: 1312854103388141856}
  - component: {fileID: 1312854103388141859}
  - component: {fileID: 1312854103388141858}
  - component: {fileID: 1312854103388141861}
  - component: {fileID: 4939315252793507751}
  - component: {fileID: 8374666926522361371}
  m_Layer: 5
  m_Name: UI Manager
  m_TagString: UI
  m_Icon: {fileID: 0}
  m_NavMeshLayer: 0
  m_StaticEditorFlags: 0
  m_IsActive: 1
--- !u!224 &1312854103388141856
RectTransform:
  m_ObjectHideFlags: 0
  m_CorrespondingSourceObject: {fileID: 0}
  m_PrefabInstance: {fileID: 0}
  m_PrefabAsset: {fileID: 0}
  m_GameObject: {fileID: 1312854103388141864}
  m_LocalRotation: {x: 0, y: 0, z: 0, w: 1}
  m_LocalPosition: {x: 0, y: 0, z: 0}
  m_LocalScale: {x: 0, y: 0, z: 0}
  m_Children:
  - {fileID: 1587526342940499218}
  - {fileID: 769456040947202174}
  - {fileID: 5299517884561831775}
  - {fileID: 6325884424090477197}
  - {fileID: 1170915316393592112}
  - {fileID: 1312854103448552137}
  - {fileID: 1312854101873206583}
  m_Father: {fileID: 0}
  m_RootOrder: 0
  m_LocalEulerAnglesHint: {x: 0, y: 0, z: 0}
  m_AnchorMin: {x: 0, y: 0}
  m_AnchorMax: {x: 0, y: 0}
  m_AnchoredPosition: {x: 0, y: 0}
  m_SizeDelta: {x: 0, y: 0}
  m_Pivot: {x: 0, y: 0}
--- !u!223 &1312854103388141859
Canvas:
  m_ObjectHideFlags: 0
  m_CorrespondingSourceObject: {fileID: 0}
  m_PrefabInstance: {fileID: 0}
  m_PrefabAsset: {fileID: 0}
  m_GameObject: {fileID: 1312854103388141864}
  m_Enabled: 1
  serializedVersion: 3
  m_RenderMode: 0
  m_Camera: {fileID: 0}
  m_PlaneDistance: 100
  m_PixelPerfect: 1
  m_ReceivesEvents: 1
  m_OverrideSorting: 0
  m_OverridePixelPerfect: 0
  m_SortingBucketNormalizedSize: 0
  m_AdditionalShaderChannelsFlag: 25
  m_SortingLayerID: 0
  m_SortingOrder: 0
  m_TargetDisplay: 0
--- !u!114 &1312854103388141858
MonoBehaviour:
  m_ObjectHideFlags: 0
  m_CorrespondingSourceObject: {fileID: 0}
  m_PrefabInstance: {fileID: 0}
  m_PrefabAsset: {fileID: 0}
  m_GameObject: {fileID: 1312854103388141864}
  m_Enabled: 1
  m_EditorHideFlags: 0
  m_Script: {fileID: 11500000, guid: 0cd44c1031e13a943bb63640046fad76, type: 3}
  m_Name: 
  m_EditorClassIdentifier: 
  m_UiScaleMode: 1
  m_ReferencePixelsPerUnit: 100
  m_ScaleFactor: 1
  m_ReferenceResolution: {x: 1920, y: 1080}
  m_ScreenMatchMode: 0
  m_MatchWidthOrHeight: 1
  m_PhysicalUnit: 3
  m_FallbackScreenDPI: 96
  m_DefaultSpriteDPI: 96
  m_DynamicPixelsPerUnit: 1
  m_PresetInfoIsWorld: 0
--- !u!114 &1312854103388141861
MonoBehaviour:
  m_ObjectHideFlags: 0
  m_CorrespondingSourceObject: {fileID: 0}
  m_PrefabInstance: {fileID: 0}
  m_PrefabAsset: {fileID: 0}
  m_GameObject: {fileID: 1312854103388141864}
  m_Enabled: 1
  m_EditorHideFlags: 0
  m_Script: {fileID: 11500000, guid: dc42784cf147c0c48a680349fa168899, type: 3}
  m_Name: 
  m_EditorClassIdentifier: 
  m_IgnoreReversedGraphics: 1
  m_BlockingObjects: 0
  m_BlockingMask:
    serializedVersion: 2
    m_Bits: 32567
--- !u!114 &4939315252793507751
MonoBehaviour:
  m_ObjectHideFlags: 0
  m_CorrespondingSourceObject: {fileID: 0}
  m_PrefabInstance: {fileID: 0}
  m_PrefabAsset: {fileID: 0}
  m_GameObject: {fileID: 1312854103388141864}
  m_Enabled: 1
  m_EditorHideFlags: 0
  m_Script: {fileID: 11500000, guid: 669f4c583a5a8df4ab006a55fab0d0a6, type: 3}
  m_Name: 
  m_EditorClassIdentifier: 
--- !u!114 &8374666926522361371
MonoBehaviour:
  m_ObjectHideFlags: 0
  m_CorrespondingSourceObject: {fileID: 0}
  m_PrefabInstance: {fileID: 0}
  m_PrefabAsset: {fileID: 0}
  m_GameObject: {fileID: 1312854103388141864}
  m_Enabled: 1
  m_EditorHideFlags: 0
  m_Script: {fileID: 11500000, guid: c86530607b06f874eabf1e4781297c59, type: 3}
  m_Name: 
  m_EditorClassIdentifier: 
--- !u!1 &2952925466430154595
GameObject:
  m_ObjectHideFlags: 0
  m_CorrespondingSourceObject: {fileID: 0}
  m_PrefabInstance: {fileID: 0}
  m_PrefabAsset: {fileID: 0}
  serializedVersion: 6
  m_Component:
  - component: {fileID: 1587526342940499218}
  - component: {fileID: 4742342282807661838}
  m_Layer: 5
  m_Name: DEV
  m_TagString: Untagged
  m_Icon: {fileID: 0}
  m_NavMeshLayer: 0
  m_StaticEditorFlags: 0
  m_IsActive: 1
--- !u!224 &1587526342940499218
RectTransform:
  m_ObjectHideFlags: 0
  m_CorrespondingSourceObject: {fileID: 0}
  m_PrefabInstance: {fileID: 0}
  m_PrefabAsset: {fileID: 0}
  m_GameObject: {fileID: 2952925466430154595}
  m_LocalRotation: {x: 0, y: 0, z: 0, w: 1}
  m_LocalPosition: {x: 0, y: 0, z: 0}
  m_LocalScale: {x: 1, y: 1, z: 1}
  m_Children: []
  m_Father: {fileID: 1312854103388141856}
  m_RootOrder: 0
  m_LocalEulerAnglesHint: {x: 0, y: 0, z: 0}
  m_AnchorMin: {x: 0, y: 0}
  m_AnchorMax: {x: 1, y: 1}
  m_AnchoredPosition: {x: 0, y: 0}
  m_SizeDelta: {x: 0, y: 0}
  m_Pivot: {x: 0.5, y: 0.5}
--- !u!114 &4742342282807661838
MonoBehaviour:
  m_ObjectHideFlags: 0
  m_CorrespondingSourceObject: {fileID: 0}
  m_PrefabInstance: {fileID: 0}
  m_PrefabAsset: {fileID: 0}
  m_GameObject: {fileID: 2952925466430154595}
  m_Enabled: 1
  m_EditorHideFlags: 0
  m_Script: {fileID: 11500000, guid: f0f2963bdccf87f419c63c09134725cd, type: 3}
  m_Name: 
  m_EditorClassIdentifier: 
  writeDebugLogMessages: 1
  text: 
--- !u!1 &5145647911279194153
GameObject:
  m_ObjectHideFlags: 0
  m_CorrespondingSourceObject: {fileID: 0}
  m_PrefabInstance: {fileID: 0}
  m_PrefabAsset: {fileID: 0}
  serializedVersion: 6
  m_Component:
  - component: {fileID: 769456040947202174}
  - component: {fileID: 5266359687713323144}
  - component: {fileID: 3034631389057801310}
  m_Layer: 0
  m_Name: EventSystem
  m_TagString: Untagged
  m_Icon: {fileID: 0}
  m_NavMeshLayer: 0
  m_StaticEditorFlags: 0
  m_IsActive: 1
--- !u!4 &769456040947202174
Transform:
  m_ObjectHideFlags: 0
  m_CorrespondingSourceObject: {fileID: 0}
  m_PrefabInstance: {fileID: 0}
  m_PrefabAsset: {fileID: 0}
  m_GameObject: {fileID: 5145647911279194153}
  m_LocalRotation: {x: -0, y: -0, z: -0, w: 1}
  m_LocalPosition: {x: 0, y: 0, z: 0}
  m_LocalScale: {x: 1, y: 1, z: 1}
  m_Children: []
  m_Father: {fileID: 1312854103388141856}
  m_RootOrder: 1
  m_LocalEulerAnglesHint: {x: 0, y: 0, z: 0}
--- !u!114 &5266359687713323144
MonoBehaviour:
  m_ObjectHideFlags: 0
  m_CorrespondingSourceObject: {fileID: 0}
  m_PrefabInstance: {fileID: 0}
  m_PrefabAsset: {fileID: 0}
  m_GameObject: {fileID: 5145647911279194153}
  m_Enabled: 1
  m_EditorHideFlags: 0
  m_Script: {fileID: 11500000, guid: 76c392e42b5098c458856cdf6ecaaaa1, type: 3}
  m_Name: 
  m_EditorClassIdentifier: 
  m_FirstSelected: {fileID: 675008792}
  m_sendNavigationEvents: 1
  m_DragThreshold: 10
--- !u!114 &3034631389057801310
MonoBehaviour:
  m_ObjectHideFlags: 0
  m_CorrespondingSourceObject: {fileID: 0}
  m_PrefabInstance: {fileID: 0}
  m_PrefabAsset: {fileID: 0}
  m_GameObject: {fileID: 5145647911279194153}
  m_Enabled: 1
  m_EditorHideFlags: 0
  m_Script: {fileID: 11500000, guid: 01614664b831546d2ae94a42149d80ac, type: 3}
  m_Name: 
  m_EditorClassIdentifier: 
  m_MoveRepeatDelay: 0.5
  m_MoveRepeatRate: 0.1
  m_XRTrackingOrigin: {fileID: 0}
  m_ActionsAsset: {fileID: -944628639613478452, guid: 76e27108deb1d3941a39d6723ed04746,
    type: 3}
  m_PointAction: {fileID: 1054132383583890850, guid: 76e27108deb1d3941a39d6723ed04746,
    type: 3}
  m_MoveAction: {fileID: 3710738434707379630, guid: 76e27108deb1d3941a39d6723ed04746,
    type: 3}
  m_SubmitAction: {fileID: 2064916234097673511, guid: 76e27108deb1d3941a39d6723ed04746,
    type: 3}
  m_CancelAction: {fileID: -1967631576421560919, guid: 76e27108deb1d3941a39d6723ed04746,
    type: 3}
  m_LeftClickAction: {fileID: 8056856818456041789, guid: 76e27108deb1d3941a39d6723ed04746,
    type: 3}
  m_MiddleClickAction: {fileID: 3279352641294131588, guid: 76e27108deb1d3941a39d6723ed04746,
    type: 3}
  m_RightClickAction: {fileID: 3837173908680883260, guid: 76e27108deb1d3941a39d6723ed04746,
    type: 3}
  m_ScrollWheelAction: {fileID: 4502412055082496612, guid: 76e27108deb1d3941a39d6723ed04746,
    type: 3}
  m_TrackedDevicePositionAction: {fileID: 4754684134866288074, guid: 76e27108deb1d3941a39d6723ed04746,
    type: 3}
  m_TrackedDeviceOrientationAction: {fileID: 1025543830046995696, guid: 76e27108deb1d3941a39d6723ed04746,
    type: 3}
  m_DeselectOnBackgroundClick: 0
  m_PointerBehavior: 0
--- !u!1001 &393394816321614271
PrefabInstance:
  m_ObjectHideFlags: 0
  serializedVersion: 2
  m_Modification:
    m_TransformParent: {fileID: 1312854103388141856}
    m_Modifications:
    - target: {fileID: 306684369318726344, guid: 2690e45c5f987bb49a6d658abcadd911,
        type: 3}
      propertyPath: m_IsActive
      value: 0
      objectReference: {fileID: 0}
    - target: {fileID: 444652827280889920, guid: 2690e45c5f987bb49a6d658abcadd911,
        type: 3}
      propertyPath: m_AnchorMax.y
      value: 1
      objectReference: {fileID: 0}
    - target: {fileID: 444652827280889920, guid: 2690e45c5f987bb49a6d658abcadd911,
        type: 3}
      propertyPath: m_AnchorMin.y
      value: 1
      objectReference: {fileID: 0}
    - target: {fileID: 444652827280889920, guid: 2690e45c5f987bb49a6d658abcadd911,
        type: 3}
      propertyPath: m_SizeDelta.x
      value: 480
      objectReference: {fileID: 0}
    - target: {fileID: 444652827280889920, guid: 2690e45c5f987bb49a6d658abcadd911,
        type: 3}
      propertyPath: m_AnchoredPosition.x
      value: 250
      objectReference: {fileID: 0}
    - target: {fileID: 444652827280889920, guid: 2690e45c5f987bb49a6d658abcadd911,
        type: 3}
      propertyPath: m_AnchoredPosition.y
      value: -540
      objectReference: {fileID: 0}
    - target: {fileID: 1679191035388768996, guid: 2690e45c5f987bb49a6d658abcadd911,
        type: 3}
      propertyPath: m_AnchorMax.y
      value: 1
      objectReference: {fileID: 0}
    - target: {fileID: 1679191035388768996, guid: 2690e45c5f987bb49a6d658abcadd911,
        type: 3}
      propertyPath: m_AnchorMin.y
      value: 1
      objectReference: {fileID: 0}
    - target: {fileID: 1679191035388768996, guid: 2690e45c5f987bb49a6d658abcadd911,
        type: 3}
      propertyPath: m_SizeDelta.x
      value: 1919.282
      objectReference: {fileID: 0}
    - target: {fileID: 1679191035388768996, guid: 2690e45c5f987bb49a6d658abcadd911,
        type: 3}
      propertyPath: m_AnchoredPosition.x
      value: 959.641
      objectReference: {fileID: 0}
    - target: {fileID: 1679191035388768996, guid: 2690e45c5f987bb49a6d658abcadd911,
        type: 3}
      propertyPath: m_AnchoredPosition.y
      value: -175
      objectReference: {fileID: 0}
    - target: {fileID: 1679191035661742966, guid: 2690e45c5f987bb49a6d658abcadd911,
        type: 3}
      propertyPath: m_Pivot.x
      value: 0.5
      objectReference: {fileID: 0}
    - target: {fileID: 1679191035661742966, guid: 2690e45c5f987bb49a6d658abcadd911,
        type: 3}
      propertyPath: m_Pivot.y
      value: 0.5
      objectReference: {fileID: 0}
    - target: {fileID: 1679191035661742966, guid: 2690e45c5f987bb49a6d658abcadd911,
        type: 3}
      propertyPath: m_RootOrder
      value: 5
      objectReference: {fileID: 0}
    - target: {fileID: 1679191035661742966, guid: 2690e45c5f987bb49a6d658abcadd911,
        type: 3}
      propertyPath: m_AnchorMax.x
      value: 1
      objectReference: {fileID: 0}
    - target: {fileID: 1679191035661742966, guid: 2690e45c5f987bb49a6d658abcadd911,
        type: 3}
      propertyPath: m_AnchorMax.y
      value: 1
      objectReference: {fileID: 0}
    - target: {fileID: 1679191035661742966, guid: 2690e45c5f987bb49a6d658abcadd911,
        type: 3}
      propertyPath: m_AnchorMin.x
      value: 0
      objectReference: {fileID: 0}
    - target: {fileID: 1679191035661742966, guid: 2690e45c5f987bb49a6d658abcadd911,
        type: 3}
      propertyPath: m_AnchorMin.y
      value: 0
      objectReference: {fileID: 0}
    - target: {fileID: 1679191035661742966, guid: 2690e45c5f987bb49a6d658abcadd911,
        type: 3}
      propertyPath: m_SizeDelta.x
      value: 0
      objectReference: {fileID: 0}
    - target: {fileID: 1679191035661742966, guid: 2690e45c5f987bb49a6d658abcadd911,
        type: 3}
      propertyPath: m_SizeDelta.y
      value: 0
      objectReference: {fileID: 0}
    - target: {fileID: 1679191035661742966, guid: 2690e45c5f987bb49a6d658abcadd911,
        type: 3}
      propertyPath: m_LocalPosition.x
      value: 0
      objectReference: {fileID: 0}
    - target: {fileID: 1679191035661742966, guid: 2690e45c5f987bb49a6d658abcadd911,
        type: 3}
      propertyPath: m_LocalPosition.y
      value: 0
      objectReference: {fileID: 0}
    - target: {fileID: 1679191035661742966, guid: 2690e45c5f987bb49a6d658abcadd911,
        type: 3}
      propertyPath: m_LocalPosition.z
      value: 0
      objectReference: {fileID: 0}
    - target: {fileID: 1679191035661742966, guid: 2690e45c5f987bb49a6d658abcadd911,
        type: 3}
      propertyPath: m_LocalRotation.w
      value: 1
      objectReference: {fileID: 0}
    - target: {fileID: 1679191035661742966, guid: 2690e45c5f987bb49a6d658abcadd911,
        type: 3}
      propertyPath: m_LocalRotation.x
      value: 0
      objectReference: {fileID: 0}
    - target: {fileID: 1679191035661742966, guid: 2690e45c5f987bb49a6d658abcadd911,
        type: 3}
      propertyPath: m_LocalRotation.y
      value: 0
      objectReference: {fileID: 0}
    - target: {fileID: 1679191035661742966, guid: 2690e45c5f987bb49a6d658abcadd911,
        type: 3}
      propertyPath: m_LocalRotation.z
      value: 0
      objectReference: {fileID: 0}
    - target: {fileID: 1679191035661742966, guid: 2690e45c5f987bb49a6d658abcadd911,
        type: 3}
      propertyPath: m_AnchoredPosition.x
      value: 0
      objectReference: {fileID: 0}
    - target: {fileID: 1679191035661742966, guid: 2690e45c5f987bb49a6d658abcadd911,
        type: 3}
      propertyPath: m_AnchoredPosition.y
      value: 0
      objectReference: {fileID: 0}
    - target: {fileID: 1679191035661742966, guid: 2690e45c5f987bb49a6d658abcadd911,
        type: 3}
      propertyPath: m_LocalEulerAnglesHint.x
      value: 0
      objectReference: {fileID: 0}
    - target: {fileID: 1679191035661742966, guid: 2690e45c5f987bb49a6d658abcadd911,
        type: 3}
      propertyPath: m_LocalEulerAnglesHint.y
      value: 0
      objectReference: {fileID: 0}
    - target: {fileID: 1679191035661742966, guid: 2690e45c5f987bb49a6d658abcadd911,
        type: 3}
      propertyPath: m_LocalEulerAnglesHint.z
      value: 0
      objectReference: {fileID: 0}
    - target: {fileID: 1679191035661742967, guid: 2690e45c5f987bb49a6d658abcadd911,
        type: 3}
      propertyPath: m_Name
      value: Pause menu
      objectReference: {fileID: 0}
    - target: {fileID: 1679191036105137009, guid: 2690e45c5f987bb49a6d658abcadd911,
        type: 3}
      propertyPath: m_SizeDelta.y
      value: 200
      objectReference: {fileID: 0}
    - target: {fileID: 1679191036345473197, guid: 2690e45c5f987bb49a6d658abcadd911,
        type: 3}
      propertyPath: m_AnchorMax.y
      value: 1
      objectReference: {fileID: 0}
    - target: {fileID: 1679191036345473197, guid: 2690e45c5f987bb49a6d658abcadd911,
        type: 3}
      propertyPath: m_AnchorMin.y
      value: 1
      objectReference: {fileID: 0}
    - target: {fileID: 1679191036345473197, guid: 2690e45c5f987bb49a6d658abcadd911,
        type: 3}
      propertyPath: m_SizeDelta.x
      value: 1919.282
      objectReference: {fileID: 0}
    - target: {fileID: 1679191036345473197, guid: 2690e45c5f987bb49a6d658abcadd911,
        type: 3}
      propertyPath: m_AnchoredPosition.x
      value: 959.641
      objectReference: {fileID: 0}
    - target: {fileID: 1679191036345473197, guid: 2690e45c5f987bb49a6d658abcadd911,
        type: 3}
      propertyPath: m_AnchoredPosition.y
      value: -75
      objectReference: {fileID: 0}
    - target: {fileID: 1909818196511520084, guid: 2690e45c5f987bb49a6d658abcadd911,
        type: 3}
      propertyPath: m_AnchorMax.y
      value: 1
      objectReference: {fileID: 0}
    - target: {fileID: 1909818196511520084, guid: 2690e45c5f987bb49a6d658abcadd911,
        type: 3}
      propertyPath: m_AnchorMin.y
      value: 1
      objectReference: {fileID: 0}
    - target: {fileID: 1909818196511520084, guid: 2690e45c5f987bb49a6d658abcadd911,
        type: 3}
      propertyPath: m_SizeDelta.x
      value: 480
      objectReference: {fileID: 0}
    - target: {fileID: 1909818196511520084, guid: 2690e45c5f987bb49a6d658abcadd911,
        type: 3}
      propertyPath: m_AnchoredPosition.x
      value: 250
      objectReference: {fileID: 0}
    - target: {fileID: 1909818196511520084, guid: 2690e45c5f987bb49a6d658abcadd911,
        type: 3}
      propertyPath: m_AnchoredPosition.y
      value: -455
      objectReference: {fileID: 0}
    - target: {fileID: 8449606638917128805, guid: 2690e45c5f987bb49a6d658abcadd911,
        type: 3}
      propertyPath: m_AnchorMax.y
      value: 1
      objectReference: {fileID: 0}
    - target: {fileID: 8449606638917128805, guid: 2690e45c5f987bb49a6d658abcadd911,
        type: 3}
      propertyPath: m_AnchorMin.y
      value: 1
      objectReference: {fileID: 0}
    - target: {fileID: 8449606638917128805, guid: 2690e45c5f987bb49a6d658abcadd911,
        type: 3}
      propertyPath: m_SizeDelta.x
      value: 480
      objectReference: {fileID: 0}
    - target: {fileID: 8449606638917128805, guid: 2690e45c5f987bb49a6d658abcadd911,
        type: 3}
      propertyPath: m_AnchoredPosition.x
      value: 250
      objectReference: {fileID: 0}
    - target: {fileID: 8449606638917128805, guid: 2690e45c5f987bb49a6d658abcadd911,
        type: 3}
      propertyPath: m_AnchoredPosition.y
      value: -625
      objectReference: {fileID: 0}
    - target: {fileID: 8449606638917128806, guid: 2690e45c5f987bb49a6d658abcadd911,
        type: 3}
      propertyPath: m_OnClick.m_PersistentCalls.m_Calls.Array.size
      value: 1
      objectReference: {fileID: 0}
    - target: {fileID: 8449606638917128806, guid: 2690e45c5f987bb49a6d658abcadd911,
        type: 3}
      propertyPath: m_OnClick.m_PersistentCalls.m_Calls.Array.data[0].m_Mode
      value: 1
      objectReference: {fileID: 0}
    - target: {fileID: 8449606638917128806, guid: 2690e45c5f987bb49a6d658abcadd911,
        type: 3}
      propertyPath: m_OnClick.m_PersistentCalls.m_Calls.Array.data[0].m_Target
      value: 
      objectReference: {fileID: 8374666926522361371}
    - target: {fileID: 8449606638917128806, guid: 2690e45c5f987bb49a6d658abcadd911,
        type: 3}
      propertyPath: m_OnClick.m_PersistentCalls.m_Calls.Array.data[0].m_CallState
      value: 2
      objectReference: {fileID: 0}
    - target: {fileID: 8449606638917128806, guid: 2690e45c5f987bb49a6d658abcadd911,
        type: 3}
      propertyPath: m_OnClick.m_PersistentCalls.m_Calls.Array.data[0].m_MethodName
      value: ApplicationQuit
      objectReference: {fileID: 0}
    - target: {fileID: 8449606638917128806, guid: 2690e45c5f987bb49a6d658abcadd911,
        type: 3}
      propertyPath: m_OnClick.m_PersistentCalls.m_Calls.Array.data[0].m_TargetAssemblyTypeName
      value: Saucy.ApplicationFunctions, Scripts
      objectReference: {fileID: 0}
    - target: {fileID: 8449606638917128806, guid: 2690e45c5f987bb49a6d658abcadd911,
        type: 3}
      propertyPath: m_OnClick.m_PersistentCalls.m_Calls.Array.data[0].m_Arguments.m_ObjectArgumentAssemblyTypeName
      value: UnityEngine.Object, UnityEngine
      objectReference: {fileID: 0}
    m_RemovedComponents: []
  m_SourcePrefab: {fileID: 100100000, guid: 2690e45c5f987bb49a6d658abcadd911, type: 3}
--- !u!224 &1312854103448552137 stripped
RectTransform:
  m_CorrespondingSourceObject: {fileID: 1679191035661742966, guid: 2690e45c5f987bb49a6d658abcadd911,
    type: 3}
  m_PrefabInstance: {fileID: 393394816321614271}
  m_PrefabAsset: {fileID: 0}
--- !u!1001 &571182462857105610
PrefabInstance:
  m_ObjectHideFlags: 0
  serializedVersion: 2
  m_Modification:
    m_TransformParent: {fileID: 1312854103388141856}
    m_Modifications:
    - target: {fileID: 628960840985505445, guid: f874820c32d16ca4cb2b15feaa069fe9,
        type: 3}
      propertyPath: m_Name
      value: Local multiplayer menu
      objectReference: {fileID: 0}
    - target: {fileID: 1716665489019868666, guid: f874820c32d16ca4cb2b15feaa069fe9,
        type: 3}
      propertyPath: m_Pivot.x
      value: 0.5
      objectReference: {fileID: 0}
    - target: {fileID: 1716665489019868666, guid: f874820c32d16ca4cb2b15feaa069fe9,
        type: 3}
      propertyPath: m_Pivot.y
      value: 0.5
      objectReference: {fileID: 0}
    - target: {fileID: 1716665489019868666, guid: f874820c32d16ca4cb2b15feaa069fe9,
        type: 3}
      propertyPath: m_RootOrder
      value: 4
      objectReference: {fileID: 0}
    - target: {fileID: 1716665489019868666, guid: f874820c32d16ca4cb2b15feaa069fe9,
        type: 3}
      propertyPath: m_AnchorMax.x
      value: 1
      objectReference: {fileID: 0}
    - target: {fileID: 1716665489019868666, guid: f874820c32d16ca4cb2b15feaa069fe9,
        type: 3}
      propertyPath: m_AnchorMax.y
      value: 1
      objectReference: {fileID: 0}
    - target: {fileID: 1716665489019868666, guid: f874820c32d16ca4cb2b15feaa069fe9,
        type: 3}
      propertyPath: m_AnchorMin.x
      value: 0
      objectReference: {fileID: 0}
    - target: {fileID: 1716665489019868666, guid: f874820c32d16ca4cb2b15feaa069fe9,
        type: 3}
      propertyPath: m_AnchorMin.y
      value: 0
      objectReference: {fileID: 0}
    - target: {fileID: 1716665489019868666, guid: f874820c32d16ca4cb2b15feaa069fe9,
        type: 3}
      propertyPath: m_SizeDelta.x
      value: 0
      objectReference: {fileID: 0}
    - target: {fileID: 1716665489019868666, guid: f874820c32d16ca4cb2b15feaa069fe9,
        type: 3}
      propertyPath: m_SizeDelta.y
      value: 0
      objectReference: {fileID: 0}
    - target: {fileID: 1716665489019868666, guid: f874820c32d16ca4cb2b15feaa069fe9,
        type: 3}
      propertyPath: m_LocalPosition.x
      value: 0
      objectReference: {fileID: 0}
    - target: {fileID: 1716665489019868666, guid: f874820c32d16ca4cb2b15feaa069fe9,
        type: 3}
      propertyPath: m_LocalPosition.y
      value: 0
      objectReference: {fileID: 0}
    - target: {fileID: 1716665489019868666, guid: f874820c32d16ca4cb2b15feaa069fe9,
        type: 3}
      propertyPath: m_LocalPosition.z
      value: 0
      objectReference: {fileID: 0}
    - target: {fileID: 1716665489019868666, guid: f874820c32d16ca4cb2b15feaa069fe9,
        type: 3}
      propertyPath: m_LocalRotation.w
      value: 1
      objectReference: {fileID: 0}
    - target: {fileID: 1716665489019868666, guid: f874820c32d16ca4cb2b15feaa069fe9,
        type: 3}
      propertyPath: m_LocalRotation.x
      value: -0
      objectReference: {fileID: 0}
    - target: {fileID: 1716665489019868666, guid: f874820c32d16ca4cb2b15feaa069fe9,
        type: 3}
      propertyPath: m_LocalRotation.y
      value: -0
      objectReference: {fileID: 0}
    - target: {fileID: 1716665489019868666, guid: f874820c32d16ca4cb2b15feaa069fe9,
        type: 3}
      propertyPath: m_LocalRotation.z
      value: -0
      objectReference: {fileID: 0}
    - target: {fileID: 1716665489019868666, guid: f874820c32d16ca4cb2b15feaa069fe9,
        type: 3}
      propertyPath: m_AnchoredPosition.x
      value: 0
      objectReference: {fileID: 0}
    - target: {fileID: 1716665489019868666, guid: f874820c32d16ca4cb2b15feaa069fe9,
        type: 3}
      propertyPath: m_AnchoredPosition.y
      value: 0
      objectReference: {fileID: 0}
    - target: {fileID: 1716665489019868666, guid: f874820c32d16ca4cb2b15feaa069fe9,
        type: 3}
      propertyPath: m_LocalEulerAnglesHint.x
      value: 0
      objectReference: {fileID: 0}
    - target: {fileID: 1716665489019868666, guid: f874820c32d16ca4cb2b15feaa069fe9,
        type: 3}
      propertyPath: m_LocalEulerAnglesHint.y
      value: 0
      objectReference: {fileID: 0}
    - target: {fileID: 1716665489019868666, guid: f874820c32d16ca4cb2b15feaa069fe9,
        type: 3}
      propertyPath: m_LocalEulerAnglesHint.z
      value: 0
      objectReference: {fileID: 0}
    - target: {fileID: 2269122349494115556, guid: f874820c32d16ca4cb2b15feaa069fe9,
        type: 3}
      propertyPath: m_IsActive
      value: 0
      objectReference: {fileID: 0}
    - target: {fileID: 2623183083637916134, guid: f874820c32d16ca4cb2b15feaa069fe9,
        type: 3}
      propertyPath: m_AnchorMax.y
      value: 1
      objectReference: {fileID: 0}
    - target: {fileID: 2623183083637916134, guid: f874820c32d16ca4cb2b15feaa069fe9,
        type: 3}
      propertyPath: m_AnchorMin.y
      value: 1
      objectReference: {fileID: 0}
    - target: {fileID: 2623183083637916134, guid: f874820c32d16ca4cb2b15feaa069fe9,
        type: 3}
      propertyPath: m_SizeDelta.x
      value: 417.3205
      objectReference: {fileID: 0}
    - target: {fileID: 2623183083637916134, guid: f874820c32d16ca4cb2b15feaa069fe9,
        type: 3}
      propertyPath: m_SizeDelta.y
      value: 600
      objectReference: {fileID: 0}
    - target: {fileID: 2623183083637916134, guid: f874820c32d16ca4cb2b15feaa069fe9,
        type: 3}
      propertyPath: m_AnchoredPosition.x
      value: 258.66025
      objectReference: {fileID: 0}
    - target: {fileID: 2623183083637916134, guid: f874820c32d16ca4cb2b15feaa069fe9,
        type: 3}
      propertyPath: m_AnchoredPosition.y
      value: -300
      objectReference: {fileID: 0}
    - target: {fileID: 3336550972278140177, guid: f874820c32d16ca4cb2b15feaa069fe9,
        type: 3}
      propertyPath: m_AnchorMax.y
      value: 1
      objectReference: {fileID: 0}
    - target: {fileID: 3336550972278140177, guid: f874820c32d16ca4cb2b15feaa069fe9,
        type: 3}
      propertyPath: m_AnchorMin.y
      value: 1
      objectReference: {fileID: 0}
    - target: {fileID: 3336550972278140177, guid: f874820c32d16ca4cb2b15feaa069fe9,
        type: 3}
      propertyPath: m_SizeDelta.x
      value: 417.3205
      objectReference: {fileID: 0}
    - target: {fileID: 3336550972278140177, guid: f874820c32d16ca4cb2b15feaa069fe9,
        type: 3}
      propertyPath: m_SizeDelta.y
      value: 600
      objectReference: {fileID: 0}
    - target: {fileID: 3336550972278140177, guid: f874820c32d16ca4cb2b15feaa069fe9,
        type: 3}
      propertyPath: m_AnchoredPosition.x
      value: 1660.6217
      objectReference: {fileID: 0}
    - target: {fileID: 3336550972278140177, guid: f874820c32d16ca4cb2b15feaa069fe9,
        type: 3}
      propertyPath: m_AnchoredPosition.y
      value: -300
      objectReference: {fileID: 0}
    - target: {fileID: 5598266465438501567, guid: f874820c32d16ca4cb2b15feaa069fe9,
        type: 3}
      propertyPath: m_AnchorMax.y
      value: 1
      objectReference: {fileID: 0}
    - target: {fileID: 5598266465438501567, guid: f874820c32d16ca4cb2b15feaa069fe9,
        type: 3}
      propertyPath: m_AnchorMin.y
      value: 1
      objectReference: {fileID: 0}
    - target: {fileID: 5598266465438501567, guid: f874820c32d16ca4cb2b15feaa069fe9,
        type: 3}
      propertyPath: m_SizeDelta.x
      value: 417.3205
      objectReference: {fileID: 0}
    - target: {fileID: 5598266465438501567, guid: f874820c32d16ca4cb2b15feaa069fe9,
        type: 3}
      propertyPath: m_SizeDelta.y
      value: 600
      objectReference: {fileID: 0}
    - target: {fileID: 5598266465438501567, guid: f874820c32d16ca4cb2b15feaa069fe9,
        type: 3}
      propertyPath: m_AnchoredPosition.x
      value: 725.9807
      objectReference: {fileID: 0}
    - target: {fileID: 5598266465438501567, guid: f874820c32d16ca4cb2b15feaa069fe9,
        type: 3}
      propertyPath: m_AnchoredPosition.y
      value: -300
      objectReference: {fileID: 0}
    - target: {fileID: 6101225721649980501, guid: f874820c32d16ca4cb2b15feaa069fe9,
        type: 3}
      propertyPath: m_AnchorMax.y
      value: 1
      objectReference: {fileID: 0}
    - target: {fileID: 6101225721649980501, guid: f874820c32d16ca4cb2b15feaa069fe9,
        type: 3}
      propertyPath: m_AnchorMin.y
      value: 1
      objectReference: {fileID: 0}
    - target: {fileID: 6101225721649980501, guid: f874820c32d16ca4cb2b15feaa069fe9,
        type: 3}
      propertyPath: m_SizeDelta.x
      value: 269.59
      objectReference: {fileID: 0}
    - target: {fileID: 6101225721649980501, guid: f874820c32d16ca4cb2b15feaa069fe9,
        type: 3}
      propertyPath: m_SizeDelta.y
      value: 240
      objectReference: {fileID: 0}
    - target: {fileID: 6101225721649980501, guid: f874820c32d16ca4cb2b15feaa069fe9,
        type: 3}
      propertyPath: m_AnchoredPosition.x
      value: 665.205
      objectReference: {fileID: 0}
    - target: {fileID: 6101225721649980501, guid: f874820c32d16ca4cb2b15feaa069fe9,
        type: 3}
      propertyPath: m_AnchoredPosition.y
      value: -120
      objectReference: {fileID: 0}
    - target: {fileID: 6340626347844902951, guid: f874820c32d16ca4cb2b15feaa069fe9,
        type: 3}
      propertyPath: m_AnchorMax.y
      value: 1
      objectReference: {fileID: 0}
    - target: {fileID: 6340626347844902951, guid: f874820c32d16ca4cb2b15feaa069fe9,
        type: 3}
      propertyPath: m_AnchorMin.y
      value: 1
      objectReference: {fileID: 0}
    - target: {fileID: 6340626347844902951, guid: f874820c32d16ca4cb2b15feaa069fe9,
        type: 3}
      propertyPath: m_SizeDelta.x
      value: 304.75
      objectReference: {fileID: 0}
    - target: {fileID: 6340626347844902951, guid: f874820c32d16ca4cb2b15feaa069fe9,
        type: 3}
      propertyPath: m_SizeDelta.y
      value: 240
      objectReference: {fileID: 0}
    - target: {fileID: 6340626347844902951, guid: f874820c32d16ca4cb2b15feaa069fe9,
        type: 3}
      propertyPath: m_AnchoredPosition.x
      value: 358.03503
      objectReference: {fileID: 0}
    - target: {fileID: 6340626347844902951, guid: f874820c32d16ca4cb2b15feaa069fe9,
        type: 3}
      propertyPath: m_AnchoredPosition.y
      value: -120
      objectReference: {fileID: 0}
    - target: {fileID: 7515680750102908533, guid: f874820c32d16ca4cb2b15feaa069fe9,
        type: 3}
      propertyPath: m_OnClick.m_PersistentCalls.m_Calls.Array.size
      value: 2
      objectReference: {fileID: 0}
    - target: {fileID: 7515680750102908533, guid: f874820c32d16ca4cb2b15feaa069fe9,
        type: 3}
      propertyPath: m_OnClick.m_PersistentCalls.m_Calls.Array.data[1].m_Mode
      value: 6
      objectReference: {fileID: 0}
    - target: {fileID: 7515680750102908533, guid: f874820c32d16ca4cb2b15feaa069fe9,
        type: 3}
      propertyPath: m_OnClick.m_PersistentCalls.m_Calls.Array.data[1].m_Target
      value: 
      objectReference: {fileID: 7819161470147945906}
    - target: {fileID: 7515680750102908533, guid: f874820c32d16ca4cb2b15feaa069fe9,
        type: 3}
      propertyPath: m_OnClick.m_PersistentCalls.m_Calls.Array.data[1].m_CallState
      value: 2
      objectReference: {fileID: 0}
    - target: {fileID: 7515680750102908533, guid: f874820c32d16ca4cb2b15feaa069fe9,
        type: 3}
      propertyPath: m_OnClick.m_PersistentCalls.m_Calls.Array.data[1].m_MethodName
      value: SetVisibility
      objectReference: {fileID: 0}
    - target: {fileID: 7515680750102908533, guid: f874820c32d16ca4cb2b15feaa069fe9,
        type: 3}
      propertyPath: m_OnClick.m_PersistentCalls.m_Calls.Array.data[1].m_TargetAssemblyTypeName
      value: Saucy.VisibilityStatus, Scripts
      objectReference: {fileID: 0}
    - target: {fileID: 7515680750102908533, guid: f874820c32d16ca4cb2b15feaa069fe9,
        type: 3}
      propertyPath: m_OnClick.m_PersistentCalls.m_Calls.Array.data[1].m_Arguments.m_BoolArgument
      value: 1
      objectReference: {fileID: 0}
    - target: {fileID: 7515680750102908533, guid: f874820c32d16ca4cb2b15feaa069fe9,
        type: 3}
      propertyPath: m_OnClick.m_PersistentCalls.m_Calls.Array.data[1].m_Arguments.m_ObjectArgumentAssemblyTypeName
      value: UnityEngine.Object, UnityEngine
      objectReference: {fileID: 0}
    - target: {fileID: 8178835352583439287, guid: f874820c32d16ca4cb2b15feaa069fe9,
        type: 3}
      propertyPath: m_AnchorMax.y
      value: 1
      objectReference: {fileID: 0}
    - target: {fileID: 8178835352583439287, guid: f874820c32d16ca4cb2b15feaa069fe9,
        type: 3}
      propertyPath: m_AnchorMin.y
      value: 1
      objectReference: {fileID: 0}
    - target: {fileID: 8178835352583439287, guid: f874820c32d16ca4cb2b15feaa069fe9,
        type: 3}
      propertyPath: m_SizeDelta.x
      value: 417.3205
      objectReference: {fileID: 0}
    - target: {fileID: 8178835352583439287, guid: f874820c32d16ca4cb2b15feaa069fe9,
        type: 3}
      propertyPath: m_SizeDelta.y
      value: 600
      objectReference: {fileID: 0}
    - target: {fileID: 8178835352583439287, guid: f874820c32d16ca4cb2b15feaa069fe9,
        type: 3}
      propertyPath: m_AnchoredPosition.x
      value: 1193.3013
      objectReference: {fileID: 0}
    - target: {fileID: 8178835352583439287, guid: f874820c32d16ca4cb2b15feaa069fe9,
        type: 3}
      propertyPath: m_AnchoredPosition.y
      value: -300
      objectReference: {fileID: 0}
    - target: {fileID: 8278559462408226902, guid: f874820c32d16ca4cb2b15feaa069fe9,
        type: 3}
      propertyPath: OnBack.m_PersistentCalls.m_Calls.Array.data[0].m_Target
      value: 
      objectReference: {fileID: 0}
    m_RemovedComponents: []
  m_SourcePrefab: {fileID: 100100000, guid: f874820c32d16ca4cb2b15feaa069fe9, type: 3}
--- !u!224 &1170915316393592112 stripped
RectTransform:
  m_CorrespondingSourceObject: {fileID: 1716665489019868666, guid: f874820c32d16ca4cb2b15feaa069fe9,
    type: 3}
  m_PrefabInstance: {fileID: 571182462857105610}
  m_PrefabAsset: {fileID: 0}
--- !u!114 &3174536292260374385 stripped
MonoBehaviour:
  m_CorrespondingSourceObject: {fileID: 3162380830563907515, guid: f874820c32d16ca4cb2b15feaa069fe9,
    type: 3}
  m_PrefabInstance: {fileID: 571182462857105610}
  m_PrefabAsset: {fileID: 0}
  m_GameObject: {fileID: 0}
  m_Enabled: 1
  m_EditorHideFlags: 0
  m_Script: {fileID: 11500000, guid: 46ea0767b74cd7e4c85211e191010359, type: 3}
  m_Name: 
  m_EditorClassIdentifier: 
--- !u!1001 &3765537339888692786
PrefabInstance:
  m_ObjectHideFlags: 0
  serializedVersion: 2
  m_Modification:
    m_TransformParent: {fileID: 1312854103388141856}
    m_Modifications:
    - target: {fileID: 405354364036677763, guid: 17858a27907ff9e46919490cebfe1e49,
        type: 3}
      propertyPath: m_IsActive
      value: 0
      objectReference: {fileID: 0}
    - target: {fileID: 1070451789539850013, guid: 17858a27907ff9e46919490cebfe1e49,
        type: 3}
      propertyPath: m_AnchorMax.y
      value: 0
      objectReference: {fileID: 0}
    - target: {fileID: 1070451789539850013, guid: 17858a27907ff9e46919490cebfe1e49,
        type: 3}
      propertyPath: m_AnchorMin.y
      value: 0
      objectReference: {fileID: 0}
    - target: {fileID: 1070451789539850013, guid: 17858a27907ff9e46919490cebfe1e49,
        type: 3}
      propertyPath: m_SizeDelta.x
      value: 0
      objectReference: {fileID: 0}
    - target: {fileID: 1070451789539850013, guid: 17858a27907ff9e46919490cebfe1e49,
        type: 3}
      propertyPath: m_SizeDelta.y
      value: 0
      objectReference: {fileID: 0}
    - target: {fileID: 1070451789539850013, guid: 17858a27907ff9e46919490cebfe1e49,
        type: 3}
      propertyPath: m_AnchoredPosition.x
      value: 0
      objectReference: {fileID: 0}
    - target: {fileID: 1070451789539850013, guid: 17858a27907ff9e46919490cebfe1e49,
        type: 3}
      propertyPath: m_AnchoredPosition.y
      value: 0
      objectReference: {fileID: 0}
    - target: {fileID: 1070451789980813002, guid: 17858a27907ff9e46919490cebfe1e49,
        type: 3}
      propertyPath: m_AnchorMax.y
      value: 0
      objectReference: {fileID: 0}
    - target: {fileID: 1070451789980813002, guid: 17858a27907ff9e46919490cebfe1e49,
        type: 3}
      propertyPath: m_AnchorMin.y
      value: 0
      objectReference: {fileID: 0}
    - target: {fileID: 1070451789980813002, guid: 17858a27907ff9e46919490cebfe1e49,
        type: 3}
      propertyPath: m_SizeDelta.x
      value: 0
      objectReference: {fileID: 0}
    - target: {fileID: 1070451789980813002, guid: 17858a27907ff9e46919490cebfe1e49,
        type: 3}
      propertyPath: m_SizeDelta.y
      value: 0
      objectReference: {fileID: 0}
    - target: {fileID: 1070451789980813002, guid: 17858a27907ff9e46919490cebfe1e49,
        type: 3}
      propertyPath: m_AnchoredPosition.x
      value: 0
      objectReference: {fileID: 0}
    - target: {fileID: 1070451789980813002, guid: 17858a27907ff9e46919490cebfe1e49,
        type: 3}
      propertyPath: m_AnchoredPosition.y
      value: 0
      objectReference: {fileID: 0}
    - target: {fileID: 1070451790823043755, guid: 17858a27907ff9e46919490cebfe1e49,
        type: 3}
      propertyPath: m_AnchorMax.y
      value: 0
      objectReference: {fileID: 0}
    - target: {fileID: 1070451790823043755, guid: 17858a27907ff9e46919490cebfe1e49,
        type: 3}
      propertyPath: m_AnchorMin.y
      value: 0
      objectReference: {fileID: 0}
    - target: {fileID: 1070451790823043755, guid: 17858a27907ff9e46919490cebfe1e49,
        type: 3}
      propertyPath: m_SizeDelta.x
      value: 0
      objectReference: {fileID: 0}
    - target: {fileID: 1070451790823043755, guid: 17858a27907ff9e46919490cebfe1e49,
        type: 3}
      propertyPath: m_SizeDelta.y
      value: 0
      objectReference: {fileID: 0}
    - target: {fileID: 1070451790823043755, guid: 17858a27907ff9e46919490cebfe1e49,
        type: 3}
      propertyPath: m_AnchoredPosition.x
      value: 0
      objectReference: {fileID: 0}
    - target: {fileID: 1070451790823043755, guid: 17858a27907ff9e46919490cebfe1e49,
        type: 3}
      propertyPath: m_AnchoredPosition.y
      value: 0
      objectReference: {fileID: 0}
    - target: {fileID: 3765537339928366655, guid: 17858a27907ff9e46919490cebfe1e49,
        type: 3}
      propertyPath: m_AnchorMax.y
      value: 0
      objectReference: {fileID: 0}
    - target: {fileID: 3765537339928366655, guid: 17858a27907ff9e46919490cebfe1e49,
        type: 3}
      propertyPath: m_AnchorMin.y
      value: 0
      objectReference: {fileID: 0}
    - target: {fileID: 3765537339928366655, guid: 17858a27907ff9e46919490cebfe1e49,
        type: 3}
      propertyPath: m_SizeDelta.x
      value: 0
      objectReference: {fileID: 0}
    - target: {fileID: 3765537339928366655, guid: 17858a27907ff9e46919490cebfe1e49,
        type: 3}
      propertyPath: m_SizeDelta.y
      value: 0
      objectReference: {fileID: 0}
    - target: {fileID: 3765537339928366655, guid: 17858a27907ff9e46919490cebfe1e49,
        type: 3}
      propertyPath: m_AnchoredPosition.x
      value: 0
      objectReference: {fileID: 0}
    - target: {fileID: 3765537339928366655, guid: 17858a27907ff9e46919490cebfe1e49,
        type: 3}
      propertyPath: m_AnchoredPosition.y
      value: 0
      objectReference: {fileID: 0}
    - target: {fileID: 3765537340294119208, guid: 17858a27907ff9e46919490cebfe1e49,
        type: 3}
      propertyPath: m_OnClick.m_PersistentCalls.m_Calls.Array.size
      value: 2
      objectReference: {fileID: 0}
    - target: {fileID: 3765537340294119208, guid: 17858a27907ff9e46919490cebfe1e49,
        type: 3}
      propertyPath: m_OnClick.m_PersistentCalls.m_Calls.Array.data[1].m_Mode
      value: 6
      objectReference: {fileID: 0}
    - target: {fileID: 3765537340294119208, guid: 17858a27907ff9e46919490cebfe1e49,
        type: 3}
      propertyPath: m_OnClick.m_PersistentCalls.m_Calls.Array.data[1].m_Target
      value: 
      objectReference: {fileID: 3174536292260374385}
    - target: {fileID: 3765537340294119208, guid: 17858a27907ff9e46919490cebfe1e49,
        type: 3}
      propertyPath: m_OnClick.m_PersistentCalls.m_Calls.Array.data[1].m_CallState
      value: 2
      objectReference: {fileID: 0}
    - target: {fileID: 3765537340294119208, guid: 17858a27907ff9e46919490cebfe1e49,
        type: 3}
      propertyPath: m_OnClick.m_PersistentCalls.m_Calls.Array.data[1].m_MethodName
      value: SetVisibility
      objectReference: {fileID: 0}
    - target: {fileID: 3765537340294119208, guid: 17858a27907ff9e46919490cebfe1e49,
        type: 3}
      propertyPath: m_OnClick.m_PersistentCalls.m_Calls.Array.data[1].m_TargetAssemblyTypeName
      value: Saucy.VisibilityStatus, Scripts
      objectReference: {fileID: 0}
    - target: {fileID: 3765537340294119208, guid: 17858a27907ff9e46919490cebfe1e49,
        type: 3}
      propertyPath: m_OnClick.m_PersistentCalls.m_Calls.Array.data[1].m_Arguments.m_BoolArgument
      value: 1
      objectReference: {fileID: 0}
    - target: {fileID: 3765537340294119208, guid: 17858a27907ff9e46919490cebfe1e49,
        type: 3}
      propertyPath: m_OnClick.m_PersistentCalls.m_Calls.Array.data[1].m_Arguments.m_ObjectArgumentAssemblyTypeName
      value: UnityEngine.Object, UnityEngine
      objectReference: {fileID: 0}
    - target: {fileID: 3765537340294119211, guid: 17858a27907ff9e46919490cebfe1e49,
        type: 3}
      propertyPath: m_AnchorMax.y
      value: 1
      objectReference: {fileID: 0}
    - target: {fileID: 3765537340294119211, guid: 17858a27907ff9e46919490cebfe1e49,
        type: 3}
      propertyPath: m_AnchorMin.y
      value: 1
      objectReference: {fileID: 0}
    - target: {fileID: 3765537340294119211, guid: 17858a27907ff9e46919490cebfe1e49,
        type: 3}
      propertyPath: m_SizeDelta.x
      value: 480
      objectReference: {fileID: 0}
    - target: {fileID: 3765537340294119211, guid: 17858a27907ff9e46919490cebfe1e49,
        type: 3}
      propertyPath: m_AnchoredPosition.x
      value: 250
      objectReference: {fileID: 0}
    - target: {fileID: 3765537340294119211, guid: 17858a27907ff9e46919490cebfe1e49,
        type: 3}
      propertyPath: m_AnchoredPosition.y
      value: -497.5
      objectReference: {fileID: 0}
    - target: {fileID: 3765537341491046429, guid: 17858a27907ff9e46919490cebfe1e49,
        type: 3}
      propertyPath: m_AnchorMax.y
      value: 0
      objectReference: {fileID: 0}
    - target: {fileID: 3765537341491046429, guid: 17858a27907ff9e46919490cebfe1e49,
        type: 3}
      propertyPath: m_AnchorMin.y
      value: 0
      objectReference: {fileID: 0}
    - target: {fileID: 3765537341491046429, guid: 17858a27907ff9e46919490cebfe1e49,
        type: 3}
      propertyPath: m_SizeDelta.x
      value: 0
      objectReference: {fileID: 0}
    - target: {fileID: 3765537341491046429, guid: 17858a27907ff9e46919490cebfe1e49,
        type: 3}
      propertyPath: m_SizeDelta.y
      value: 0
      objectReference: {fileID: 0}
    - target: {fileID: 3765537341491046429, guid: 17858a27907ff9e46919490cebfe1e49,
        type: 3}
      propertyPath: m_AnchoredPosition.x
      value: 0
      objectReference: {fileID: 0}
    - target: {fileID: 3765537341491046429, guid: 17858a27907ff9e46919490cebfe1e49,
        type: 3}
      propertyPath: m_AnchoredPosition.y
      value: 0
      objectReference: {fileID: 0}
    - target: {fileID: 3958463435106984535, guid: 17858a27907ff9e46919490cebfe1e49,
        type: 3}
      propertyPath: m_AnchorMax.y
      value: 0
      objectReference: {fileID: 0}
    - target: {fileID: 3958463435106984535, guid: 17858a27907ff9e46919490cebfe1e49,
        type: 3}
      propertyPath: m_AnchorMin.y
      value: 0
      objectReference: {fileID: 0}
    - target: {fileID: 3958463435106984535, guid: 17858a27907ff9e46919490cebfe1e49,
        type: 3}
      propertyPath: m_SizeDelta.x
      value: 0
      objectReference: {fileID: 0}
    - target: {fileID: 3958463435106984535, guid: 17858a27907ff9e46919490cebfe1e49,
        type: 3}
      propertyPath: m_SizeDelta.y
      value: 0
      objectReference: {fileID: 0}
    - target: {fileID: 3958463435106984535, guid: 17858a27907ff9e46919490cebfe1e49,
        type: 3}
      propertyPath: m_AnchoredPosition.x
      value: 0
      objectReference: {fileID: 0}
    - target: {fileID: 3958463435106984535, guid: 17858a27907ff9e46919490cebfe1e49,
        type: 3}
      propertyPath: m_AnchoredPosition.y
      value: 0
      objectReference: {fileID: 0}
    - target: {fileID: 6036648296845131358, guid: 17858a27907ff9e46919490cebfe1e49,
        type: 3}
      propertyPath: m_Name
      value: Main menu
      objectReference: {fileID: 0}
    - target: {fileID: 6332707989010320252, guid: 17858a27907ff9e46919490cebfe1e49,
        type: 3}
      propertyPath: m_OnClick.m_PersistentCalls.m_Calls.Array.size
      value: 1
      objectReference: {fileID: 0}
    - target: {fileID: 6332707989010320252, guid: 17858a27907ff9e46919490cebfe1e49,
        type: 3}
      propertyPath: m_OnClick.m_PersistentCalls.m_Calls.Array.data[0].m_Mode
      value: 1
      objectReference: {fileID: 0}
    - target: {fileID: 6332707989010320252, guid: 17858a27907ff9e46919490cebfe1e49,
        type: 3}
      propertyPath: m_OnClick.m_PersistentCalls.m_Calls.Array.data[0].m_Target
      value: 
      objectReference: {fileID: 8374666926522361371}
    - target: {fileID: 6332707989010320252, guid: 17858a27907ff9e46919490cebfe1e49,
        type: 3}
      propertyPath: m_OnClick.m_PersistentCalls.m_Calls.Array.data[0].m_CallState
      value: 2
      objectReference: {fileID: 0}
    - target: {fileID: 6332707989010320252, guid: 17858a27907ff9e46919490cebfe1e49,
        type: 3}
      propertyPath: m_OnClick.m_PersistentCalls.m_Calls.Array.data[0].m_MethodName
      value: ApplicationQuit
      objectReference: {fileID: 0}
    - target: {fileID: 6332707989010320252, guid: 17858a27907ff9e46919490cebfe1e49,
        type: 3}
      propertyPath: m_OnClick.m_PersistentCalls.m_Calls.Array.data[0].m_TargetAssemblyTypeName
      value: Saucy.ApplicationFunctions, Scripts
      objectReference: {fileID: 0}
    - target: {fileID: 6332707989010320252, guid: 17858a27907ff9e46919490cebfe1e49,
        type: 3}
      propertyPath: m_OnClick.m_PersistentCalls.m_Calls.Array.data[0].m_Arguments.m_ObjectArgumentAssemblyTypeName
      value: UnityEngine.Object, UnityEngine
      objectReference: {fileID: 0}
    - target: {fileID: 6332707989010320255, guid: 17858a27907ff9e46919490cebfe1e49,
        type: 3}
      propertyPath: m_AnchorMax.y
      value: 1
      objectReference: {fileID: 0}
    - target: {fileID: 6332707989010320255, guid: 17858a27907ff9e46919490cebfe1e49,
        type: 3}
      propertyPath: m_AnchorMin.y
      value: 1
      objectReference: {fileID: 0}
    - target: {fileID: 6332707989010320255, guid: 17858a27907ff9e46919490cebfe1e49,
        type: 3}
      propertyPath: m_SizeDelta.x
      value: 480
      objectReference: {fileID: 0}
    - target: {fileID: 6332707989010320255, guid: 17858a27907ff9e46919490cebfe1e49,
        type: 3}
      propertyPath: m_AnchoredPosition.x
      value: 250
      objectReference: {fileID: 0}
    - target: {fileID: 6332707989010320255, guid: 17858a27907ff9e46919490cebfe1e49,
        type: 3}
      propertyPath: m_AnchoredPosition.y
      value: -582.5
      objectReference: {fileID: 0}
    - target: {fileID: 7173088638373072063, guid: 17858a27907ff9e46919490cebfe1e49,
        type: 3}
      propertyPath: m_Pivot.x
      value: 0.5
      objectReference: {fileID: 0}
    - target: {fileID: 7173088638373072063, guid: 17858a27907ff9e46919490cebfe1e49,
        type: 3}
      propertyPath: m_Pivot.y
      value: 0.5
      objectReference: {fileID: 0}
    - target: {fileID: 7173088638373072063, guid: 17858a27907ff9e46919490cebfe1e49,
        type: 3}
      propertyPath: m_RootOrder
      value: 3
      objectReference: {fileID: 0}
    - target: {fileID: 7173088638373072063, guid: 17858a27907ff9e46919490cebfe1e49,
        type: 3}
      propertyPath: m_AnchorMax.x
      value: 1
      objectReference: {fileID: 0}
    - target: {fileID: 7173088638373072063, guid: 17858a27907ff9e46919490cebfe1e49,
        type: 3}
      propertyPath: m_AnchorMax.y
      value: 1
      objectReference: {fileID: 0}
    - target: {fileID: 7173088638373072063, guid: 17858a27907ff9e46919490cebfe1e49,
        type: 3}
      propertyPath: m_AnchorMin.x
      value: 0
      objectReference: {fileID: 0}
    - target: {fileID: 7173088638373072063, guid: 17858a27907ff9e46919490cebfe1e49,
        type: 3}
      propertyPath: m_AnchorMin.y
      value: 0
      objectReference: {fileID: 0}
    - target: {fileID: 7173088638373072063, guid: 17858a27907ff9e46919490cebfe1e49,
        type: 3}
      propertyPath: m_SizeDelta.x
      value: 0
      objectReference: {fileID: 0}
    - target: {fileID: 7173088638373072063, guid: 17858a27907ff9e46919490cebfe1e49,
        type: 3}
      propertyPath: m_SizeDelta.y
      value: 0
      objectReference: {fileID: 0}
    - target: {fileID: 7173088638373072063, guid: 17858a27907ff9e46919490cebfe1e49,
        type: 3}
      propertyPath: m_LocalPosition.x
      value: 0
      objectReference: {fileID: 0}
    - target: {fileID: 7173088638373072063, guid: 17858a27907ff9e46919490cebfe1e49,
        type: 3}
      propertyPath: m_LocalPosition.y
      value: 0
      objectReference: {fileID: 0}
    - target: {fileID: 7173088638373072063, guid: 17858a27907ff9e46919490cebfe1e49,
        type: 3}
      propertyPath: m_LocalPosition.z
      value: 0
      objectReference: {fileID: 0}
    - target: {fileID: 7173088638373072063, guid: 17858a27907ff9e46919490cebfe1e49,
        type: 3}
      propertyPath: m_LocalRotation.w
      value: 1
      objectReference: {fileID: 0}
    - target: {fileID: 7173088638373072063, guid: 17858a27907ff9e46919490cebfe1e49,
        type: 3}
      propertyPath: m_LocalRotation.x
      value: 0
      objectReference: {fileID: 0}
    - target: {fileID: 7173088638373072063, guid: 17858a27907ff9e46919490cebfe1e49,
        type: 3}
      propertyPath: m_LocalRotation.y
      value: 0
      objectReference: {fileID: 0}
    - target: {fileID: 7173088638373072063, guid: 17858a27907ff9e46919490cebfe1e49,
        type: 3}
      propertyPath: m_LocalRotation.z
      value: 0
      objectReference: {fileID: 0}
    - target: {fileID: 7173088638373072063, guid: 17858a27907ff9e46919490cebfe1e49,
        type: 3}
      propertyPath: m_AnchoredPosition.x
      value: 0
      objectReference: {fileID: 0}
    - target: {fileID: 7173088638373072063, guid: 17858a27907ff9e46919490cebfe1e49,
        type: 3}
      propertyPath: m_AnchoredPosition.y
      value: 0
      objectReference: {fileID: 0}
    - target: {fileID: 7173088638373072063, guid: 17858a27907ff9e46919490cebfe1e49,
        type: 3}
      propertyPath: m_LocalEulerAnglesHint.x
      value: 0
      objectReference: {fileID: 0}
    - target: {fileID: 7173088638373072063, guid: 17858a27907ff9e46919490cebfe1e49,
        type: 3}
      propertyPath: m_LocalEulerAnglesHint.y
      value: 0
      objectReference: {fileID: 0}
    - target: {fileID: 7173088638373072063, guid: 17858a27907ff9e46919490cebfe1e49,
        type: 3}
      propertyPath: m_LocalEulerAnglesHint.z
      value: 0
      objectReference: {fileID: 0}
    m_RemovedComponents: []
  m_SourcePrefab: {fileID: 100100000, guid: 17858a27907ff9e46919490cebfe1e49, type: 3}
--- !u!224 &6325884424090477197 stripped
RectTransform:
  m_CorrespondingSourceObject: {fileID: 7173088638373072063, guid: 17858a27907ff9e46919490cebfe1e49,
    type: 3}
  m_PrefabInstance: {fileID: 3765537339888692786}
  m_PrefabAsset: {fileID: 0}
--- !u!114 &7819161470147945906 stripped
MonoBehaviour:
  m_CorrespondingSourceObject: {fileID: 6395918166137899904, guid: 17858a27907ff9e46919490cebfe1e49,
    type: 3}
  m_PrefabInstance: {fileID: 3765537339888692786}
  m_PrefabAsset: {fileID: 0}
  m_GameObject: {fileID: 0}
  m_Enabled: 1
  m_EditorHideFlags: 0
  m_Script: {fileID: 11500000, guid: 46ea0767b74cd7e4c85211e191010359, type: 3}
  m_Name: 
  m_EditorClassIdentifier: 
--- !u!1 &675008792 stripped
GameObject:
  m_CorrespondingSourceObject: {fileID: 3765537340294119210, guid: 17858a27907ff9e46919490cebfe1e49,
    type: 3}
  m_PrefabInstance: {fileID: 3765537339888692786}
  m_PrefabAsset: {fileID: 0}
--- !u!1001 &6893597564385804062
PrefabInstance:
  m_ObjectHideFlags: 0
  serializedVersion: 2
  m_Modification:
    m_TransformParent: {fileID: 1312854103388141856}
    m_Modifications:
    - target: {fileID: 5589754042443602472, guid: b6b6ec4bbd098844bb5482a560ff3f2a,
        type: 3}
      propertyPath: m_Name
      value: HUD menu
      objectReference: {fileID: 0}
    - target: {fileID: 5589754042443602473, guid: b6b6ec4bbd098844bb5482a560ff3f2a,
        type: 3}
      propertyPath: m_Pivot.x
      value: 0.5
      objectReference: {fileID: 0}
    - target: {fileID: 5589754042443602473, guid: b6b6ec4bbd098844bb5482a560ff3f2a,
        type: 3}
      propertyPath: m_Pivot.y
      value: 0.5
      objectReference: {fileID: 0}
    - target: {fileID: 5589754042443602473, guid: b6b6ec4bbd098844bb5482a560ff3f2a,
        type: 3}
      propertyPath: m_RootOrder
      value: 6
      objectReference: {fileID: 0}
    - target: {fileID: 5589754042443602473, guid: b6b6ec4bbd098844bb5482a560ff3f2a,
        type: 3}
      propertyPath: m_AnchorMax.x
      value: 1
      objectReference: {fileID: 0}
    - target: {fileID: 5589754042443602473, guid: b6b6ec4bbd098844bb5482a560ff3f2a,
        type: 3}
      propertyPath: m_AnchorMax.y
      value: 1
      objectReference: {fileID: 0}
    - target: {fileID: 5589754042443602473, guid: b6b6ec4bbd098844bb5482a560ff3f2a,
        type: 3}
      propertyPath: m_AnchorMin.x
      value: 0
      objectReference: {fileID: 0}
    - target: {fileID: 5589754042443602473, guid: b6b6ec4bbd098844bb5482a560ff3f2a,
        type: 3}
      propertyPath: m_AnchorMin.y
      value: 0
      objectReference: {fileID: 0}
    - target: {fileID: 5589754042443602473, guid: b6b6ec4bbd098844bb5482a560ff3f2a,
        type: 3}
      propertyPath: m_SizeDelta.x
      value: 0
      objectReference: {fileID: 0}
    - target: {fileID: 5589754042443602473, guid: b6b6ec4bbd098844bb5482a560ff3f2a,
        type: 3}
      propertyPath: m_SizeDelta.y
      value: 0
      objectReference: {fileID: 0}
    - target: {fileID: 5589754042443602473, guid: b6b6ec4bbd098844bb5482a560ff3f2a,
        type: 3}
      propertyPath: m_LocalPosition.x
      value: 0
      objectReference: {fileID: 0}
    - target: {fileID: 5589754042443602473, guid: b6b6ec4bbd098844bb5482a560ff3f2a,
        type: 3}
      propertyPath: m_LocalPosition.y
      value: 0
      objectReference: {fileID: 0}
    - target: {fileID: 5589754042443602473, guid: b6b6ec4bbd098844bb5482a560ff3f2a,
        type: 3}
      propertyPath: m_LocalPosition.z
      value: 0
      objectReference: {fileID: 0}
    - target: {fileID: 5589754042443602473, guid: b6b6ec4bbd098844bb5482a560ff3f2a,
        type: 3}
      propertyPath: m_LocalRotation.w
      value: 1
      objectReference: {fileID: 0}
    - target: {fileID: 5589754042443602473, guid: b6b6ec4bbd098844bb5482a560ff3f2a,
        type: 3}
      propertyPath: m_LocalRotation.x
      value: 0
      objectReference: {fileID: 0}
    - target: {fileID: 5589754042443602473, guid: b6b6ec4bbd098844bb5482a560ff3f2a,
        type: 3}
      propertyPath: m_LocalRotation.y
      value: 0
      objectReference: {fileID: 0}
    - target: {fileID: 5589754042443602473, guid: b6b6ec4bbd098844bb5482a560ff3f2a,
        type: 3}
      propertyPath: m_LocalRotation.z
      value: 0
      objectReference: {fileID: 0}
    - target: {fileID: 5589754042443602473, guid: b6b6ec4bbd098844bb5482a560ff3f2a,
        type: 3}
      propertyPath: m_AnchoredPosition.x
      value: 0
      objectReference: {fileID: 0}
    - target: {fileID: 5589754042443602473, guid: b6b6ec4bbd098844bb5482a560ff3f2a,
        type: 3}
      propertyPath: m_AnchoredPosition.y
      value: 0
      objectReference: {fileID: 0}
    - target: {fileID: 5589754042443602473, guid: b6b6ec4bbd098844bb5482a560ff3f2a,
        type: 3}
      propertyPath: m_LocalEulerAnglesHint.x
      value: 0
      objectReference: {fileID: 0}
    - target: {fileID: 5589754042443602473, guid: b6b6ec4bbd098844bb5482a560ff3f2a,
        type: 3}
      propertyPath: m_LocalEulerAnglesHint.y
      value: 0
      objectReference: {fileID: 0}
    - target: {fileID: 5589754042443602473, guid: b6b6ec4bbd098844bb5482a560ff3f2a,
        type: 3}
      propertyPath: m_LocalEulerAnglesHint.z
      value: 0
      objectReference: {fileID: 0}
    - target: {fileID: 6690663691167550644, guid: b6b6ec4bbd098844bb5482a560ff3f2a,
        type: 3}
      propertyPath: m_IsActive
      value: 0
      objectReference: {fileID: 0}
    m_RemovedComponents: []
  m_SourcePrefab: {fileID: 100100000, guid: b6b6ec4bbd098844bb5482a560ff3f2a, type: 3}
--- !u!224 &1312854101873206583 stripped
RectTransform:
  m_CorrespondingSourceObject: {fileID: 5589754042443602473, guid: b6b6ec4bbd098844bb5482a560ff3f2a,
    type: 3}
  m_PrefabInstance: {fileID: 6893597564385804062}
  m_PrefabAsset: {fileID: 0}
--- !u!1001 &8149987729751727024
PrefabInstance:
  m_ObjectHideFlags: 0
  serializedVersion: 2
  m_Modification:
    m_TransformParent: {fileID: 1312854103388141856}
    m_Modifications:
    - target: {fileID: 841628276630290837, guid: dd8b5e9c0a34fa048965187a0b827da2,
        type: 3}
      propertyPath: m_IsActive
      value: 0
      objectReference: {fileID: 0}
    - target: {fileID: 4076102741876272367, guid: dd8b5e9c0a34fa048965187a0b827da2,
        type: 3}
      propertyPath: m_Pivot.x
      value: 0.5
      objectReference: {fileID: 0}
    - target: {fileID: 4076102741876272367, guid: dd8b5e9c0a34fa048965187a0b827da2,
        type: 3}
      propertyPath: m_Pivot.y
      value: 0.5
      objectReference: {fileID: 0}
    - target: {fileID: 4076102741876272367, guid: dd8b5e9c0a34fa048965187a0b827da2,
        type: 3}
      propertyPath: m_RootOrder
      value: 2
      objectReference: {fileID: 0}
    - target: {fileID: 4076102741876272367, guid: dd8b5e9c0a34fa048965187a0b827da2,
        type: 3}
      propertyPath: m_AnchorMax.x
      value: 1
      objectReference: {fileID: 0}
    - target: {fileID: 4076102741876272367, guid: dd8b5e9c0a34fa048965187a0b827da2,
        type: 3}
      propertyPath: m_AnchorMax.y
      value: 1
      objectReference: {fileID: 0}
    - target: {fileID: 4076102741876272367, guid: dd8b5e9c0a34fa048965187a0b827da2,
        type: 3}
      propertyPath: m_AnchorMin.x
      value: 0
      objectReference: {fileID: 0}
    - target: {fileID: 4076102741876272367, guid: dd8b5e9c0a34fa048965187a0b827da2,
        type: 3}
      propertyPath: m_AnchorMin.y
      value: 0
      objectReference: {fileID: 0}
    - target: {fileID: 4076102741876272367, guid: dd8b5e9c0a34fa048965187a0b827da2,
        type: 3}
      propertyPath: m_SizeDelta.x
      value: 0
      objectReference: {fileID: 0}
    - target: {fileID: 4076102741876272367, guid: dd8b5e9c0a34fa048965187a0b827da2,
        type: 3}
      propertyPath: m_SizeDelta.y
      value: 0
      objectReference: {fileID: 0}
    - target: {fileID: 4076102741876272367, guid: dd8b5e9c0a34fa048965187a0b827da2,
        type: 3}
      propertyPath: m_LocalPosition.x
      value: 0
      objectReference: {fileID: 0}
    - target: {fileID: 4076102741876272367, guid: dd8b5e9c0a34fa048965187a0b827da2,
        type: 3}
      propertyPath: m_LocalPosition.y
      value: 0
      objectReference: {fileID: 0}
    - target: {fileID: 4076102741876272367, guid: dd8b5e9c0a34fa048965187a0b827da2,
        type: 3}
      propertyPath: m_LocalPosition.z
      value: 0
      objectReference: {fileID: 0}
    - target: {fileID: 4076102741876272367, guid: dd8b5e9c0a34fa048965187a0b827da2,
        type: 3}
      propertyPath: m_LocalRotation.w
      value: 1
      objectReference: {fileID: 0}
    - target: {fileID: 4076102741876272367, guid: dd8b5e9c0a34fa048965187a0b827da2,
        type: 3}
      propertyPath: m_LocalRotation.x
      value: -0
      objectReference: {fileID: 0}
    - target: {fileID: 4076102741876272367, guid: dd8b5e9c0a34fa048965187a0b827da2,
        type: 3}
      propertyPath: m_LocalRotation.y
      value: -0
      objectReference: {fileID: 0}
    - target: {fileID: 4076102741876272367, guid: dd8b5e9c0a34fa048965187a0b827da2,
        type: 3}
      propertyPath: m_LocalRotation.z
      value: -0
      objectReference: {fileID: 0}
    - target: {fileID: 4076102741876272367, guid: dd8b5e9c0a34fa048965187a0b827da2,
        type: 3}
      propertyPath: m_AnchoredPosition.x
      value: 0
      objectReference: {fileID: 0}
    - target: {fileID: 4076102741876272367, guid: dd8b5e9c0a34fa048965187a0b827da2,
        type: 3}
      propertyPath: m_AnchoredPosition.y
      value: 0
      objectReference: {fileID: 0}
    - target: {fileID: 4076102741876272367, guid: dd8b5e9c0a34fa048965187a0b827da2,
        type: 3}
      propertyPath: m_LocalEulerAnglesHint.x
      value: 0
      objectReference: {fileID: 0}
    - target: {fileID: 4076102741876272367, guid: dd8b5e9c0a34fa048965187a0b827da2,
        type: 3}
      propertyPath: m_LocalEulerAnglesHint.y
      value: 0
      objectReference: {fileID: 0}
    - target: {fileID: 4076102741876272367, guid: dd8b5e9c0a34fa048965187a0b827da2,
        type: 3}
      propertyPath: m_LocalEulerAnglesHint.z
      value: 0
      objectReference: {fileID: 0}
    - target: {fileID: 8415903952311375642, guid: dd8b5e9c0a34fa048965187a0b827da2,
        type: 3}
      propertyPath: m_Name
      value: Start menu
      objectReference: {fileID: 0}
    m_RemovedComponents: []
  m_SourcePrefab: {fileID: 100100000, guid: dd8b5e9c0a34fa048965187a0b827da2, type: 3}
--- !u!224 &5299517884561831775 stripped
RectTransform:
  m_CorrespondingSourceObject: {fileID: 4076102741876272367, guid: dd8b5e9c0a34fa048965187a0b827da2,
    type: 3}
  m_PrefabInstance: {fileID: 8149987729751727024}
  m_PrefabAsset: {fileID: 0}
